<record><leader>00000cas a22000007a 4500</leader><controlfield tag="001">13446581</controlfield><controlfield tag="008">860417d19641969wiuwr ne      0    0eng d</controlfield><datafield ind1=" " ind2=" " tag="010"><subfield code="a">sn 86086444 </subfield></datafield><datafield ind1=" " ind2=" " tag="040"><subfield code="a">NPV</subfield><subfield code="b">eng</subfield><subfield code="c">NPV</subfield><subfield code="d">OCLCQ</subfield></datafield><datafield ind1=" " ind2=" " tag="042"><subfield code="a">msc</subfield></datafield><datafield ind1=" " ind2=" " tag="045"><subfield code="a">x6x6</subfield></datafield><datafield ind1=" " ind2=" " tag="052"><subfield code="a">4123</subfield><subfield code="b">O9</subfield></datafield><datafield ind1="0" ind2=" " tag="130"><subfield code="a">Press (Port Washington, Wis.)</subfield></datafield><datafield ind1="1" ind2="0" tag="245"><subfield code="a">Press.</subfield></datafield><datafield ind1="1" ind2="7" tag="246"><subfield code="a">Ozaukee press</subfield></datafield><datafield ind1="1" ind2="3" tag="246"><subfield code="a">Ozaukee County press</subfield></datafield><datafield ind1=" " ind2=" " tag="260"><subfield code="a">Port Washington, Wis. :</subfield><subfield code="b">Port Publications,</subfield><subfield code="c">1964-1969.</subfield></datafield><datafield ind1=" " ind2=" " tag="300"><subfield code="a">7 v. :</subfield><subfield code="b">ill.</subfield></datafield><datafield ind1=" " ind2=" " tag="310"><subfield code="a">Weekly</subfield></datafield><datafield ind1="0" ind2=" " tag="362"><subfield code="a">Vol. 24, no. 52 (July 23, 1964)-v. 30, no. 10 (Oct. 16, 1969).</subfield></datafield><datafield ind1=" " ind2=" " tag="500"><subfield code="a">Title varies: Ozaukee County press, July 31-Oct. 9, 1969.</subfield></datafield><datafield ind1=" " ind2=" " tag="500"><subfield code="a">Editors: W.F. Schanen, Jr. &amp; M.J. Schanen.</subfield></datafield><datafield ind1=" " ind2=" " tag="530"><subfield code="a">Available on microfilm from The State Historical Society of Wisconsin.</subfield></datafield><datafield ind1=" " ind2=" " tag="752"><subfield code="a">United States</subfield><subfield code="b">Wisconsin</subfield><subfield code="c">Ozaukee</subfield><subfield code="d">Port Washington.</subfield></datafield><datafield ind1="0" ind2="0" tag="780"><subfield code="t">Ozaukee press (Port Washington, Wis.: 1940)</subfield><subfield code="w">(DLC)sn 86086443</subfield></datafield><datafield ind1="0" ind2="0" tag="785"><subfield code="t">Ozaukee press (Port Washington, Wis.: 1969)</subfield><subfield code="w">(DLC)sn 84001227</subfield></datafield><datafield ind1="1" ind2=" " tag="029"><subfield code="a">AU@</subfield><subfield code="b">000025829037</subfield></datafield></record>